@article{REF1,
  title={Spontaneous non-verbal counting in toddlers},
  author={Sella, Francesco and Berteletti, Ilaria and Lucangeli, Daniela and Zorzi, Marco},
  journal={Developmental science},
  year={2015},
  publisher={Wiley Online Library}
}

@misc{REF2,
  title = {Three algorithms for converting color to grayscale},
  howpublished = {\url{http://www.johndcook.com/blog/2009/08/24/algorithms-convert-color-grayscale/}},
  author={John D. Cook},
  year = {2009}
}

@techreport{REF3,
  title={A standard default color space for the internet‚Äù: srgb},
  author={Anderson, Matthew and Srinivasan, C and Motta, Ricardo and Stokes, Michael},
  year={1996},
  institution={Technical report, International Color Consortium}
}

@article{REF4,
  title={Optimal Gaussian Filter for Effective Noise Filtering},
  author={Kopparapu, Sunil and Satish, M},
  journal={arXiv preprint arXiv:1406.3172},
  year={2014}
}

@inproceedings{REF5,
  title={A spatial median filter for noise removal in digital images},
  author={Church, James C and Chen, Yixin and Rice, Stephen V},
  booktitle={Southeastcon, 2008. IEEE},
  pages={618--623},
  year={2008},
  organization={IEEE}
}

@article{REF6,
  title={Image Enhancement Techniques using Highpass and Lowpass Filters},
  author={Makandar, Aziz and Halalli, Bhagirathi},
  journal={International Journal of Computer Applications},
  volume={109},
  number={14},
  year={2015},
  publisher={Foundation of Computer Science}
}

@misc{REF7,
  title = {Image Segmentation},
  howpublished = {\url{https://en.wikipedia.org/wiki/Image_segmentation}},
  author={Wikipedia},
  year = {2016}
}

@article{REF8,
  title={A computational approach to edge detection},
  author={Canny, John},
  journal={Pattern Analysis and Machine Intelligence, IEEE Transactions on},
  number={6},
  pages={679--698},
  year={1986},
  publisher={IEEE}
}

@misc{REF9,
  title = {Feature extraction for compact representation of image data in computer vision},
  howpublished = {\url{http://uk.mathworks.com/discovery/feature-extraction.html}},
  author={Mathworks},
  year = {2014}
}

@inproceedings{REF10,
  title={Histograms of oriented gradients for human detection},
  author={Dalal, Navneet and Triggs, Bill},
  booktitle={Computer Vision and Pattern Recognition, 2005. CVPR 2005. IEEE Computer Society Conference on},
  volume={1},
  pages={886--893},
  year={2005},
  organization={IEEE}
}

@incollection{REF11,
  title={Surf: Speeded up robust features},
  author={Bay, Herbert and Tuytelaars, Tinne and Van Gool, Luc},
  booktitle={Computer vision--ECCV 2006},
  pages={404--417},
  year={2006},
  publisher={Springer}
}

@incollection{REF12,
  title={Indexing via color histograms},
  author={Swain, Michael J and Ballard, Dana H},
  booktitle={Active Perception and Robot Vision},
  pages={261--273},
  year={1992},
  publisher={Springer}
}

@inproceedings{REF13,
  title={Object recognition from local scale-invariant features},
  author={Lowe, David G},
  booktitle={Computer vision, 1999. The proceedings of the seventh IEEE international conference on},
  volume={2},
  pages={1150--1157},
  year={1999},
  organization={Ieee}
}

@inproceedings{REF14,
  title={Extracting texels in 2.1 D natural textures},
  author={Ahuja, Narendra and Todorovic, Sinisa},
  booktitle={Computer Vision, 2007. ICCV 2007. IEEE 11th International Conference on},
  pages={1--8},
  year={2007},
  organization={IEEE}
}

@inproceedings{REF15,
  title={Counting crowded moving objects},
  author={Rabaud, Vincent and Belongie, Serge},
  booktitle={Computer Vision and Pattern Recognition, 2006 IEEE Computer Society Conference on},
  volume={1},
  pages={705--711},
  year={2006},
  organization={IEEE}
}

@article{REF16,
  title={Object extraction using a stochastic birth-and-death dynamics in continuum},
  author={Descombes, Xavier and Minlos, Robert and Zhizhina, Elena},
  journal={Journal of Mathematical Imaging and Vision},
  volume={33},
  number={3},
  pages={347--359},
  year={2009},
  publisher={Springer}
}

@inproceedings{REF17,
  title={Cell segmentation with median filter and mathematical morphology operation},
  author={Anoraganingrum, Dwi},
  booktitle={Image Analysis and Processing, 1999. Proceedings. International Conference on},
  pages={1043--1046},
  year={1999},
  organization={IEEE}
}

@inproceedings{REF18,
  title={Learning to count objects in images},
  author={Lempitsky, Victor and Zisserman, Andrew},
  booktitle={Advances in Neural Information Processing Systems},
  pages={1324--1332},
  year={2010}
}

@article{REF19,
  title={Regression estimation with support vector learning machines},
  author={Smola, Alex J and others},
  journal={Master's thesis, Technische Universit at M unchen},
  year={1996}
}

@misc{REF20,
  title = {Introduction to Neural Networks},
  howpublished = {\url{https://www.doc.ic.ac.uk/~nd/surprise_96/journal/vol4/cs11/report.html#Introduction%20to%20neural%20networks}},
  author={Christos Stergiou and Dimitrios Siganos},
  year = {1996}
}

@inproceedings{REF21,
  title={Image indexing based On MPEG-7 scalable color descriptor},
  author={Singh, Kulwinder and Ma, Ming and Park, Dong Won and An, Syungog},
  booktitle={Key Engineering Materials},
  volume={277},
  pages={375--382},
  year={2005},
  organization={Trans Tech Publ}
}

@misc{REF22,
  title = {Principal Component Analysis},
  howpublished = {\url{https://en.wikipedia.org/wiki/Principal_component_analysis}},
  author={Wikipedia},
  year = {2016}
}

@article{REF23,
  title={Ensemble approaches for regression: A survey},
  author={Mendes-Moreira, Joao and Soares, Carlos and Jorge, Al{\'\i}pio M{\'a}rio and Sousa, Jorge Freire De},
  journal={ACM Computing Surveys (CSUR)},
  volume={45},
  number={1},
  pages={10},
  year={2012},
  publisher={ACM}
}

@misc{REF24,
  title = {Image Classification - Gray Level Co-occurrence Matrix (GLCM)},
  howpublished = {\url{http://web.pdx.edu/~jduh/courses/Archive/geog481w07/Students/Hayes_GreyScaleCoOccurrenceMatrix.pdf}},
  author={Joe Hayes},
  year = {2007}
}

%%%%%%%%%%%%%%%%%%%%%%%%%%%%%%%%%%%%%%%%%%%%%%%%%%%%%%%%%%%%
% ------------------------------------------------------------------------
% ADDED IN DISSERTATION STAGE
% ------------------------------------------------------------------------
%%%%%%%%%%%%%%%%%%%%%%%%%%%%%%%%%%%%%%%%%%%%%%%%%%%%%%%%%%%%

@misc{REF25,
  title={Clustering algorithms (probability \& mathematical statistics)},
  author={Hartigan, John A},
  year={1975},
  publisher={John Wiley \& Sons Inc}
}

@inproceedings{REF26,
  title={Color spaces for computer graphics},
  author={Joblove, George H and Greenberg, Donald},
  booktitle={ACM siggraph computer graphics},
  volume={12},
  number={3},
  pages={20--25},
  year={1978},
  organization={ACM}
}

@article{REF27,
  title={The equivalence of generalized least squares and maximum likelihood estimates in the exponential family},
  author={Charnes, Abraham and Frome, EL and Yu, Po-Lung},
  journal={Journal of the American Statistical Association},
  volume={71},
  number={353},
  pages={169--171},
  year={1976},
  publisher={Taylor \& Francis Group}
}

@article{REF28,
  title={Neural networks and deep learning},
  author={Nielsen, Michael A},
  journal={URL: http://neuralnetworksanddeeplearning. com/.(visited: 01.11. 2014)},
  year={2015}
}


@incollection{REF29,
  title={Large-scale machine learning with stochastic gradient descent},
  author={Bottou, L{\'e}on},
  booktitle={Proceedings of COMPSTAT'2010},
  pages={177--186},
  year={2010},
  publisher={Springer}
}

@article{REF30,
  title={A practical guide to support vector classification},
  author={Hsu, Chih-Wei and Chang, Chih-Chung and Lin, Chih-Jen and others},
  year={2003}
}

@misc{REF31,
  title = {Coefficient of Determination},
  howpublished = {\url{http://stattrek.com/statistics/dictionary.aspx?definition=coefficient_of_determination}},
  author={Stat Trek}
}

@misc{REF32,
  title = {Engineering Statistics Handbook},
  howpublished = {\url{http://www.itl.nist.gov/div898/handbook/pmd/section4/pmd44.htm}},
  author={NIST}
}

@unpublished{REF33,
     title={Deep Learning},
     author={Ian Goodfellow Yoshua Bengio and Aaron Courville},
     note={Book in preparation for MIT Press},
     url={http://www.deeplearningbook.org},
     year={2016}
}

@inproceedings{REF34,
  title={Hierarchical representation using NMF},
  author={Song, Hyun Ah and Lee, Soo-Young},
  booktitle={International Conference on Neural Information Processing},
  pages={466--473},
  year={2013},
  organization={Springer}
}

@misc{REF35,
  title = { Convolutional Neural Networks (LeNet)},
  howpublished = {\url{http://deeplearning.net/tutorial/lenet.html}},
  author={LISA Lab}
}














%%%%%%%%%%%%%%%%%%%%%%%%%%%%%%%%%%%%%%%%%%%%%%%%%%%%%%%%%%%%
% ------------------------------------------------------------------------
% SAMPLE BIBLIOGRAPHY FILE
% ------------------------------------------------------------------------

@MISC{prime-number-theorem,
   author = "Charles Louis Xavier Joseph de la Vall{\'e}e Poussin",
   note = "A strong form of the prime number theorem, 19th century" }

% ------------------------------------------------------------------------

@BOOK{texbook,
   author = "Donald E. Knuth",
   title= "The {{\TeX}book}",
   publisher = "Addison-Wesley",
   year = 1984 }

@BOOK{latex,
   author = "Leslie Lamport",
   title = "{\LaTeX:} {A} Document Preparation System",
   publisher = "Addison-Wesley",
   year = 1986 }

% ------------------------------------------------------------------------

@BOOK{RR73,
 author={H. Radjavi and P. Rosenthal},
 title={Invariant {Subspaces}},
 publisher={Springer-Verlag},
 address={New York},
 year={1973},
}

@BOOK{Aup91,
 author={B. Aupetit},
 title={A {Primer} on {Spectral} {Theory}},
 publisher={Springer-Verlag},
 address={New York},
 year={1991},
}

@BOOK{Dou72,
 author={R. G. Douglas},
 title={Banach {Algebra} {Techniques} in {Operator} {Theory}},
 publisher={Academic Press},
 address={New York},
 year={1972},
}

@BOOK{Hal82,
 author={P. R. Halmos},
 title={A {Hilbert} {Space} {Problem} {Book}},
 edition={Second},
 publisher={Springer-Verlag},
 address={New York},
 year={1982},
}

@BOOK{Rud73,
 author={W. Rudin},
 title={Functional {Analysis}},
 publisher={McGraw-Hill},
 address={New York},
 year={1973},
}

@BOOK{Con90,
 author={J. B. Conway},
 title={A {Course} in {Functional} {Analysis}},
 edition={Second},
 publisher={Springer-Verlag},
 address={New York},
 year={1990},
}

@BOOK{Con78,
 author={J. B. Conway},
 title={Functions of {One} {Complex} {Variable}},
 publisher={Springer-Verlag},
 address={New York},
 year={1978},
}

@BOOK{KR83,
 author={R. V. Kadison and J. R. Ringrose},
 title={Fundamentals of the {Theory} of {Operator} {Algebras},
        {Part} {I}},
 publisher={Academic Press},
 address={New York},
 year={1983},
}

@BOOK{KR86,
 author={R. V. Kadison and J. R. Ringrose},
 title={Fundamentals of the {Theory} of {Operator} {Algebras},
        {Part} {II}},
 publisher={Academic Press},
 address={New York},
 year={1986},
}

@INBOOK{SFPT,
 author={N. Dunford and J. T. Schwartz},
 title={Linear {Operators},
        {Part} {I}: {General} {Theory}},
 pages={456},
 publisher={Interscience},
 address={New York},
 year={1957},
}

@BOOK{DS57,
 author={N. Dunford and J. T. Schwartz},
 title={Linear {Operators},
        {Part} {I}: {General} {Theory}},
 publisher={Interscience},
 address={New York},
 year={1957},
}

@BOOK{Gan59,
 author={F. R. Gantmacher},
 title={Applications of the {Theory} of {Matrices}},
 publisher={Interscience},
 address={New York},
 year={1959},
}

@BOOK{Pau86,
 author={Vern I. Paulsen},
 title={Completely bounded maps and dilations},
 series={Pitman Research Notes in Mathematics Series},
 volume={146},
 publisher={Longman Scientific \& Technical},
 address={Harlow UK},
 year={1986},
}

@BOOK{Dav88,
 author={Kenneth R. Davidson},
 title={Nest algebras},
 series={Pitman Research Notes in Mathematics Series},
 volume={191},
 publisher={Longman Scientific \& Technical},
 address={Harlow UK},
 year={1988},
}

@BOOK{Spi65,
 author={Michael Spivak},
 title={Calculus on {Manifolds}},
 publisher={The Benjamin/Cummings Publishing Company},
 address={New York},
 year={1965},
}

@BOOK{Dev68,
 author={Allen Devinaz},
 title={Advanced {Calculus}},
 publisher={Holt, Rinehart and Winston},
 address={New York},
 year={1968},
}

@BOOK{Gam90,
 editor={R. V. Gamkerlidze},
 title={Analysis {I}{I}: {Convex} {Analysis} and
        {Approximation} {Theory}},
 series={Encyclopaedia of Mathematical Sciences},
 volume={14},
 publisher={Springer-Verlag},
 address={New York},
 year={1990},
}

@BOOK{Hen93,
 author={Peter Henderson},
 title={Object-oriented specification and design with {C}$++$},
 publisher={McGraw-Hill},
 address={London},
 year={1993},
}

% ------------------------------------------------------------------------

@ARTICLE{Rea85,
 author={C. J. Read},
 title={A solution to the invariant subspace problem on the space $l_1$},
 journal={Bull. London Math. Soc.},
 volume={17},
 year={1985},
 pages={305-317},
}

@ARTICLE{Enf87,
 author={P. Enflo},
 title={On the invariant subspaces problem for {Banach} spaces},
 journal={Acta. Math.},
 note={Seminare Maurey-Schwartz (1975-1976)},
 volume={158},
 year={1987},
 pages={213-313},
}

@ARTICLE{Dau75,
 author={J. Daughtry},
 title={An invariant subspace theorem},
 journal={Proc. Amer. Math. Soc.},
 volume={49},
 year={1975},
 pages={267-268},
}

@ARTICLE{KPS75,
 author={H. W. Kim and C. Pearcy and A. L. Shields},
 title={Rank-One Commutators and Hyperinvariant Subspaces},
 journal={Michigan Math. J.},
 volume={22},
 number={3},
 year={1975},
 pages={193-194},
}

% --------------------------------------------------------------------------

@ARTICLE{Rad87,
 author={H. Radjavi},
 title={The {Engel}-{Jacobson} {Theorem} {Revisited}},
 journal={J. Alg.},
 volume={111},
 year={1987},
 pages={427-430},
}

@ARTICLE{MOR91,
 author={B. Mathes and M. Omladi\v{c} and H. Radjavi},
 title={Linear {Spaces} of {Nilpotent} {Operators}},
 journal={Linear Algebra Appl.},
 volume={149},
 year={1991},
 pages={215-225},
}

@ARTICLE{Lom73,
 author={V. I. Lomonosov},
 title={Invariant subspaces for operators commuting with compact
        operators},
 journal={Functional Anal. Appl.},
 volume=7,
 year=1973,
 pages="213-214",
}

@ARTICLE{Lom91,
 author={V. I. Lomonosov},
 title={An extension of {Burnside}'s theorem to infinite
        dimensional spaces},
 journal={Israel J. Math},
 volume=75,
 year=1991,
 pages="329-339",
}

@ARTICLE{Lom92,
 author={V. I. Lomonosov},
 title={On {Real} {Invariant} {Subspaces} of {Bounded} {Operators} with
       {Compact} {Imaginary} {Part}},
 journal={Proc. Amer. Math. Soc.},
 volume=115,
 number=3,
 month=jul,
 year=1992,
 pages="775-777",
}

@ARTICLE{dB59,
 author={L. de Branges},
 title={The {Stone}-{Weierstrass} {Theorem}},
 journal={Proc. Amer. Math. Soc.},
 volume=10,
 year=1959,
 pages="822-824",
}

@ARTICLE{dB93,
 author={L. de Branges},
 title={A construction of invariant subspaces},
 journal={Math. Nachr.},
 volume=163,
 year=1993,
 pages="163-175",
}

@ARTICLE{AAB95,
 author={Y. A. Abramovich and C. D. Aliprantis and O. Burkinshaw},
 title={Another Characterization of the Invariant Subspace Problem},
 journal={Operator Theory in Function Spaces and Banach Lattices.
          {\em The A.C.\,Zaanen Anniversary Volume},
          Operator Theory: Advances and Applications},
 volume={75},
 year={1995},
 pages={15-31},
 note={Birkh\"auser Verlag},
}

@ARTICLE{LM65,
 author={Ju. I. Ljubi\v{c} and V. I. Macaev},
 title={On Operators with a Separable Spectrum},
 journal={Amer. Math. Soc. Transl. (2)},
 volume={47},
 year={1965},
 pages={89-129},
}

% ------------------------------------------------------------------------

@MASTERSTHESIS{Sim90,
 author={A. Simoni\v{c}},
 title={Grupe Operatorjev s Pozitivnim Spektrom},
 school={Univerza v Ljubljani, FNT, Oddelek za Matematiko},
 year={1990},
}

@UNPUBLISHED{Sim91,
 author={A. Simoni\v{c}},
 title={Notes on {Subharmonic} {Functions}},
 note={Lecture Notes, Dalhousie University,
       Department of Mathematics, Statistics, \& Computing Science},
 year={1991},
}

@ARTICLE{Sim92,
 author={A. Simoni\v{c}},
 title={Matrix {Groups} with {Positive} {Spectra}},
 journal={Linear Algebra Appl.},
 volume={173},
 year={1992},
 pages={57-76},
}

@PHDTHESIS{Sim94,
 author={A. Simoni\v{c}},
 title={An {Extension} of {Lomonosov's} {Techniques} to {Non}-{Compact}
       {Operators}},
 school={Dalhousie University,
         Department of Mathematics, Statistics, \& Computing Science},
 year={1994},
}

@ARTICLE{Sim096a,
 author={A. Simoni\v{c}},
 title={A {Construction} of {Lomonosov} {Functions} and
       {Applications} to the {Invariant} {Subspace} {Problem}},
 journal={Pacific J. Math.},
 volume={175},
 pages={257-270},
 year={1996},
}

@ARTICLE{Sim96b,
 author={A. Simoni\v{c}},
 title={An extension of {Lomonosov's} {Techniques} to non-compact
       {Operators}},
 journal={Trans. Amer. Math. Soc.},
 volume={348},
 pages={975-995},
 year={1996},
}
@Article{Wang08,
author = {W. Wang},
title = {Ensemble Methods},
journal = {journal},
year = {2008},
OPTkey = {key},
OPTvolume = {volume},
OPTnumber = {number},
OPTpages = {pages},
OPTmonth = {month},
OPTnote = {note},
OPTannote = {annote},
}
@Proceedings{IDEAL2011,
title = {Clustering},
year = {2011},
OPTkey = {key},
OPTeditor = {H. Yin, W. Wang, V. Rayward-Smith},
OPTnumber = {number},
OPTseries = {series},
OPTaddress = {address},
OPTmonth = {month},
OPTorganization = {organization},
OPTpublisher = {publisher},
OPTnote = {note},
OPTannote = {annote},
}

% ------------------------------------------------------------------------
